[gd_scene load_steps=4 format=2]

[ext_resource path="res://scripts/board.gd" type="Script" id=1]
[ext_resource path="res://models/pastille.tscn" type="PackedScene" id=2]
[ext_resource path="res://models/slot.tscn" type="PackedScene" id=3]

[node name="board" type="Spatial"]
script = ExtResource( 1 )
depth = 4
radius = 1.9
gap = 0.615
radius2 = 0.5
height2 = 0.6
radius3 = 0.75
height3 = 0.1

[node name="pastilles" type="Spatial" parent="."]

[node name="b000" parent="pastilles" instance=ExtResource( 2 )]

[node name="b001" parent="pastilles" instance=ExtResource( 2 )]
transform = Transform( 0.866025, 0, -0.5, 0, 1, 0, 0.5, 0, 0.866025, 1.95761, 0, 1.13022 )

[node name="b002" parent="pastilles" instance=ExtResource( 2 )]
transform = Transform( -4.37114e-08, 0, -1, 0, 1, 0, 1, 0, -4.37114e-08, 1.38413e-16, 0, 2.26045 )

[node name="b003" parent="pastilles" instance=ExtResource( 2 )]
transform = Transform( -0.866025, 0, -0.5, 0, 1, 0, 0.5, 0, -0.866025, -1.95761, 0, 1.13022 )

[node name="b004" parent="pastilles" instance=ExtResource( 2 )]
transform = Transform( -0.866025, 0, 0.5, 0, 1, 0, -0.5, 0, -0.866025, -1.95761, 0, -1.13022 )

[node name="b005" parent="pastilles" instance=ExtResource( 2 )]
transform = Transform( 7.54979e-08, 0, 1, 0, 1, 0, -1, 0, 7.54979e-08, -2.42292e-15, 0, -2.26045 )

[node name="b006" parent="pastilles" instance=ExtResource( 2 )]
transform = Transform( 0.866025, 0, 0.5, 0, 1, 0, -0.5, 0, 0.866025, 1.95761, 0, -1.13022 )

[node name="b007" parent="pastilles" instance=ExtResource( 2 )]
transform = Transform( 0.866025, 0, -0.5, 0, 1, 0, 0.5, 0, 0.866025, 3.91521, 0, 2.26045 )

[node name="b008" parent="pastilles" instance=ExtResource( 2 )]
transform = Transform( 0.5, 0, -0.866025, 0, 1, 0, 0.866025, 0, 0.5, 1.95761, 0, 3.39067 )

[node name="b009" parent="pastilles" instance=ExtResource( 2 )]
transform = Transform( -4.37114e-08, 0, -1, 0, 1, 0, 1, 0, -4.37114e-08, 2.76825e-16, 0, 4.5209 )

[node name="b010" parent="pastilles" instance=ExtResource( 2 )]
transform = Transform( -0.5, 0, -0.866025, 0, 1, 0, 0.866025, 0, -0.5, -1.95761, 0, 3.39067 )

[node name="b011" parent="pastilles" instance=ExtResource( 2 )]
transform = Transform( -0.866025, 0, -0.5, 0, 1, 0, 0.5, 0, -0.866025, -3.91521, 0, 2.26045 )

[node name="b012" parent="pastilles" instance=ExtResource( 2 )]
transform = Transform( -1, 0, 8.74228e-08, 0, 1, 0, -8.74228e-08, 0, -1, -3.91521, 0, 0 )

[node name="b013" parent="pastilles" instance=ExtResource( 2 )]
transform = Transform( -0.866025, 0, 0.5, 0, 1, 0, -0.5, 0, -0.866025, -3.91521, 0, -2.26045 )

[node name="b014" parent="pastilles" instance=ExtResource( 2 )]
transform = Transform( -0.5, 0, 0.866025, 0, 1, 0, -0.866025, 0, -0.5, -1.95761, 0, -3.39067 )

[node name="b015" parent="pastilles" instance=ExtResource( 2 )]
transform = Transform( 7.54979e-08, 0, 1, 0, 1, 0, -1, 0, 7.54979e-08, -4.84584e-15, 0, -4.5209 )

[node name="b016" parent="pastilles" instance=ExtResource( 2 )]
transform = Transform( 0.5, 0, 0.866025, 0, 1, 0, -0.866025, 0, 0.5, 1.95761, 0, -3.39067 )

[node name="b017" parent="pastilles" instance=ExtResource( 2 )]
transform = Transform( 0.866025, 0, 0.5, 0, 1, 0, -0.5, 0, 0.866025, 3.91521, 0, -2.26045 )

[node name="b018" parent="pastilles" instance=ExtResource( 2 )]
transform = Transform( 1, 0, 0, 0, 1, 0, 0, 0, 1, 3.91521, 0, 0 )

[node name="b019" parent="pastilles" instance=ExtResource( 2 )]
transform = Transform( 0.866025, 0, -0.5, 0, 1, 0, 0.5, 0, 0.866025, 5.87282, 0, 3.39067 )

[node name="b020" parent="pastilles" instance=ExtResource( 2 )]
transform = Transform( 0.654654, 0, -0.755929, 0, 1, 0, 0.755929, 0, 0.654654, 3.91521, 0, 4.5209 )

[node name="b021" parent="pastilles" instance=ExtResource( 2 )]
transform = Transform( 0.327327, 0, -0.944911, 0, 1, 0, 0.944911, 0, 0.327327, 1.95761, 0, 5.65112 )

[node name="b022" parent="pastilles" instance=ExtResource( 2 )]
transform = Transform( -4.37114e-08, 0, -1, 0, 1, 0, 1, 0, -4.37114e-08, 4.15238e-16, 0, 6.78134 )

[node name="b023" parent="pastilles" instance=ExtResource( 2 )]
transform = Transform( -0.327327, 0, -0.944911, 0, 1, 0, 0.944911, 0, -0.327327, -1.95761, 0, 5.65112 )

[node name="b024" parent="pastilles" instance=ExtResource( 2 )]
transform = Transform( -0.654654, 0, -0.755929, 0, 1, 0, 0.755929, 0, -0.654654, -3.91521, 0, 4.5209 )

[node name="b025" parent="pastilles" instance=ExtResource( 2 )]
transform = Transform( -0.866025, 0, -0.5, 0, 1, 0, 0.5, 0, -0.866025, -5.87282, 0, 3.39067 )

[node name="b026" parent="pastilles" instance=ExtResource( 2 )]
transform = Transform( -0.981981, 0, -0.188982, 0, 1, 0, 0.188982, 0, -0.981981, -5.87282, 0, 1.13022 )

[node name="b027" parent="pastilles" instance=ExtResource( 2 )]
transform = Transform( -0.981981, 0, 0.188982, 0, 1, 0, -0.188982, 0, -0.981981, -5.87282, 0, -1.13022 )

[node name="b028" parent="pastilles" instance=ExtResource( 2 )]
transform = Transform( -0.866025, 0, 0.5, 0, 1, 0, -0.5, 0, -0.866025, -5.87282, 0, -3.39067 )

[node name="b029" parent="pastilles" instance=ExtResource( 2 )]
transform = Transform( -0.654654, 0, 0.755929, 0, 1, 0, -0.755929, 0, -0.654654, -3.91521, 0, -4.5209 )

[node name="b030" parent="pastilles" instance=ExtResource( 2 )]
transform = Transform( -0.327327, 0, 0.944911, 0, 1, 0, -0.944911, 0, -0.327327, -1.95761, 0, -5.65112 )

[node name="b031" parent="pastilles" instance=ExtResource( 2 )]
transform = Transform( 7.54979e-08, 0, 1, 0, 1, 0, -1, 0, 7.54979e-08, -7.26876e-15, 0, -6.78134 )

[node name="b032" parent="pastilles" instance=ExtResource( 2 )]
transform = Transform( 0.327327, 0, 0.944911, 0, 1, 0, -0.944911, 0, 0.327327, 1.95761, 0, -5.65112 )

[node name="b033" parent="pastilles" instance=ExtResource( 2 )]
transform = Transform( 0.654654, 0, 0.755929, 0, 1, 0, -0.755929, 0, 0.654654, 3.91521, 0, -4.5209 )

[node name="b034" parent="pastilles" instance=ExtResource( 2 )]
transform = Transform( 0.866025, 0, 0.5, 0, 1, 0, -0.5, 0, 0.866025, 5.87282, 0, -3.39067 )

[node name="b035" parent="pastilles" instance=ExtResource( 2 )]
transform = Transform( 0.981981, 0, 0.188982, 0, 1, 0, -0.188982, 0, 0.981981, 5.87282, 0, -1.13022 )

[node name="b036" parent="pastilles" instance=ExtResource( 2 )]
transform = Transform( 0.981981, 0, -0.188982, 0, 1, 0, 0.188982, 0, 0.981981, 5.87282, 0, 1.13022 )

[node name="b037" parent="pastilles" instance=ExtResource( 2 )]
transform = Transform( 0.866025, 0, -0.5, 0, 1, 0, 0.5, 0, 0.866025, 7.83042, 0, 4.5209 )

[node name="b038" parent="pastilles" instance=ExtResource( 2 )]
transform = Transform( 0.720577, 0, -0.693375, 0, 1, 0, 0.693375, 0, 0.720577, 5.87282, 0, 5.65112 )

[node name="b039" parent="pastilles" instance=ExtResource( 2 )]
transform = Transform( 0.5, 0, -0.866025, 0, 1, 0, 0.866025, 0, 0.5, 3.91521, 0, 6.78134 )

[node name="b040" parent="pastilles" instance=ExtResource( 2 )]
transform = Transform( 0.240192, 0, -0.970725, 0, 1, 0, 0.970725, 0, 0.240192, 1.95761, 0, 7.91157 )

[node name="b041" parent="pastilles" instance=ExtResource( 2 )]
transform = Transform( -4.37114e-08, 0, -1, 0, 1, 0, 1, 0, -4.37114e-08, 5.5365e-16, 0, 9.04179 )

[node name="b042" parent="pastilles" instance=ExtResource( 2 )]
transform = Transform( -0.240192, 0, -0.970725, 0, 1, 0, 0.970725, 0, -0.240192, -1.95761, 0, 7.91157 )

[node name="b043" parent="pastilles" instance=ExtResource( 2 )]
transform = Transform( -0.5, 0, -0.866025, 0, 1, 0, 0.866025, 0, -0.5, -3.91521, 0, 6.78134 )

[node name="b044" parent="pastilles" instance=ExtResource( 2 )]
transform = Transform( -0.720577, 0, -0.693375, 0, 1, 0, 0.693375, 0, -0.720577, -5.87282, 0, 5.65112 )

[node name="b045" parent="pastilles" instance=ExtResource( 2 )]
transform = Transform( -0.866025, 0, -0.5, 0, 1, 0, 0.5, 0, -0.866025, -7.83042, 0, 4.5209 )

[node name="b046" parent="pastilles" instance=ExtResource( 2 )]
transform = Transform( -0.960769, 0, -0.27735, 0, 1, 0, 0.27735, 0, -0.960769, -7.83042, 0, 2.26045 )

[node name="b047" parent="pastilles" instance=ExtResource( 2 )]
transform = Transform( -1, 0, 8.74228e-08, 0, 1, 0, -8.74228e-08, 0, -1, -7.83042, 0, 0 )

[node name="b048" parent="pastilles" instance=ExtResource( 2 )]
transform = Transform( -0.960769, 0, 0.27735, 0, 1, 0, -0.27735, 0, -0.960769, -7.83042, 0, -2.26045 )

[node name="b049" parent="pastilles" instance=ExtResource( 2 )]
transform = Transform( -0.866025, 0, 0.5, 0, 1, 0, -0.5, 0, -0.866025, -7.83042, 0, -4.5209 )

[node name="b050" parent="pastilles" instance=ExtResource( 2 )]
transform = Transform( -0.720577, 0, 0.693375, 0, 1, 0, -0.693375, 0, -0.720577, -5.87282, 0, -5.65112 )

[node name="b051" parent="pastilles" instance=ExtResource( 2 )]
transform = Transform( -0.5, 0, 0.866025, 0, 1, 0, -0.866025, 0, -0.5, -3.91521, 0, -6.78134 )

[node name="b052" parent="pastilles" instance=ExtResource( 2 )]
transform = Transform( -0.240192, 0, 0.970725, 0, 1, 0, -0.970725, 0, -0.240192, -1.95761, 0, -7.91157 )

[node name="b053" parent="pastilles" instance=ExtResource( 2 )]
transform = Transform( 7.54979e-08, 0, 1, 0, 1, 0, -1, 0, 7.54979e-08, -9.69168e-15, 0, -9.04179 )

[node name="b054" parent="pastilles" instance=ExtResource( 2 )]
transform = Transform( 0.240192, 0, 0.970725, 0, 1, 0, -0.970725, 0, 0.240192, 1.95761, 0, -7.91157 )

[node name="b055" parent="pastilles" instance=ExtResource( 2 )]
transform = Transform( 0.5, 0, 0.866025, 0, 1, 0, -0.866025, 0, 0.5, 3.91521, 0, -6.78134 )

[node name="b056" parent="pastilles" instance=ExtResource( 2 )]
transform = Transform( 0.720577, 0, 0.693375, 0, 1, 0, -0.693375, 0, 0.720577, 5.87282, 0, -5.65112 )

[node name="b057" parent="pastilles" instance=ExtResource( 2 )]
transform = Transform( 0.866025, 0, 0.5, 0, 1, 0, -0.5, 0, 0.866025, 7.83042, 0, -4.5209 )

[node name="b058" parent="pastilles" instance=ExtResource( 2 )]
transform = Transform( 0.960769, 0, 0.27735, 0, 1, 0, -0.27735, 0, 0.960769, 7.83042, 0, -2.26045 )

[node name="b059" parent="pastilles" instance=ExtResource( 2 )]
transform = Transform( 1, 0, 0, 0, 1, 0, 0, 0, 1, 7.83042, 0, 0 )

[node name="b060" parent="pastilles" instance=ExtResource( 2 )]
transform = Transform( 0.960769, 0, -0.27735, 0, 1, 0, 0.27735, 0, 0.960769, 7.83042, 0, 2.26045 )

[node name="slots" type="Spatial" parent="."]

[node name="s000" parent="slots" instance=ExtResource( 3 )]
transform = Transform( 0.5, 0, 0, 0, 0.6, 0, 0, 0, 0.5, 0.657874, 0, 1.13947 )

[node name="s001" parent="slots" instance=ExtResource( 3 )]
transform = Transform( 0.25, 0, 0.433013, 0, 0.6, 0, -0.433013, 0, 0.25, -0.657874, 0, 1.13947 )

[node name="s002" parent="slots" instance=ExtResource( 3 )]
transform = Transform( -0.25, 0, 0.433013, 0, 0.6, 0, -0.433013, 0, -0.25, -1.31575, 0, 0 )

[node name="s003" parent="slots" instance=ExtResource( 3 )]
transform = Transform( -0.5, 0, -4.37114e-08, 0, 0.6, 0, 4.37114e-08, 0, -0.5, -0.657874, 0, -1.13947 )

[node name="s004" parent="slots" instance=ExtResource( 3 )]
transform = Transform( -0.25, 0, -0.433013, 0, 0.6, 0, 0.433013, 0, -0.25, 0.657874, 0, -1.13947 )

[node name="s005" parent="slots" instance=ExtResource( 3 )]
transform = Transform( 0.25, 0, -0.433013, 0, 0.6, 0, 0.433013, 0, 0.25, 1.31575, 0, 0 )

[node name="s006" parent="slots" instance=ExtResource( 3 )]
transform = Transform( 0.5, 0, 0, 0, 0.6, 0, 0, 0, 0.5, 2.61548, 0, 2.2697 )

[node name="s007" parent="slots" instance=ExtResource( 3 )]
transform = Transform( 0.25, 0, 0.433013, 0, 0.6, 0, -0.433013, 0, 0.25, 1.29973, 0, 2.2512 )

[node name="s008" parent="slots" instance=ExtResource( 3 )]
transform = Transform( -0.25, 0, 0.433013, 0, 0.6, 0, -0.433013, 0, -0.25, 0.657874, 0, 3.39992 )

[node name="s009" parent="slots" instance=ExtResource( 3 )]
transform = Transform( -0.5, 0, -4.37114e-08, 0, 0.6, 0, 4.37114e-08, 0, -0.5, -0.657874, 0, 3.39992 )

[node name="s010" parent="slots" instance=ExtResource( 3 )]
transform = Transform( -0.25, 0, -0.433013, 0, 0.6, 0, 0.433013, 0, -0.25, -1.29973, 0, 2.2512 )

[node name="s011" parent="slots" instance=ExtResource( 3 )]
transform = Transform( 0.25, 0, -0.433013, 0, 0.6, 0, 0.433013, 0, 0.25, -2.61548, 0, 2.2697 )

[node name="s012" parent="slots" instance=ExtResource( 3 )]
transform = Transform( 0.5, 0, 8.74228e-08, 0, 0.6, 0, -8.74228e-08, 0, 0.5, -3.27335, 0, 1.13022 )

[node name="s013" parent="slots" instance=ExtResource( 3 )]
transform = Transform( 0.25, 0, 0.433013, 0, 0.6, 0, -0.433013, 0, 0.25, -2.59946, 0, 1.19209e-07 )

[node name="s014" parent="slots" instance=ExtResource( 3 )]
transform = Transform( -0.25, 0, 0.433013, 0, 0.6, 0, -0.433013, 0, -0.25, -3.27335, 0, -1.13022 )

[node name="s015" parent="slots" instance=ExtResource( 3 )]
transform = Transform( -0.5, 0, -1.19249e-08, 0, 0.6, 0, 1.19249e-08, 0, -0.5, -2.61548, 0, -2.2697 )

[node name="s016" parent="slots" instance=ExtResource( 3 )]
transform = Transform( -0.25, 0, -0.433013, 0, 0.6, 0, 0.433013, 0, -0.25, -1.29973, 0, -2.2512 )

[node name="s017" parent="slots" instance=ExtResource( 3 )]
transform = Transform( 0.25, 0, -0.433013, 0, 0.6, 0, 0.433013, 0, 0.25, -0.657874, 0, -3.39992 )

[node name="s018" parent="slots" instance=ExtResource( 3 )]
transform = Transform( 0.5, 0, 1.74846e-07, 0, 0.6, 0, -1.74846e-07, 0, 0.5, 0.657874, 0, -3.39992 )

[node name="s019" parent="slots" instance=ExtResource( 3 )]
transform = Transform( 0.25, 0, 0.433013, 0, 0.6, 0, -0.433013, 0, 0.25, 1.29973, 0, -2.2512 )

[node name="s020" parent="slots" instance=ExtResource( 3 )]
transform = Transform( -0.25, 0, 0.433013, 0, 0.6, 0, -0.433013, 0, -0.25, 2.61548, 0, -2.2697 )

[node name="s021" parent="slots" instance=ExtResource( 3 )]
transform = Transform( -0.5, 0, 1.39071e-07, 0, 0.6, 0, -1.39071e-07, 0, -0.5, 3.27335, 0, -1.13022 )

[node name="s022" parent="slots" instance=ExtResource( 3 )]
transform = Transform( -0.25, 0, -0.433013, 0, 0.6, 0, 0.433013, 0, -0.25, 2.59946, 0, -1.19209e-07 )

[node name="s023" parent="slots" instance=ExtResource( 3 )]
transform = Transform( 0.25, 0, -0.433013, 0, 0.6, 0, 0.433013, 0, 0.25, 3.27335, 0, 1.13022 )

[node name="s024" parent="slots" instance=ExtResource( 3 )]
transform = Transform( 0.5, 0, 0, 0, 0.6, 0, 0, 0, 0.5, 4.57309, 0, 3.39992 )

[node name="s025" parent="slots" instance=ExtResource( 3 )]
transform = Transform( 0.25, 0, 0.433013, 0, 0.6, 0, -0.433013, 0, 0.25, 3.25734, 0, 3.38142 )

[node name="s026" parent="slots" instance=ExtResource( 3 )]
transform = Transform( -0.25, 0, 0.433013, 0, 0.6, 0, -0.433013, 0, -0.25, 2.61548, 0, 4.53014 )

[node name="s027" parent="slots" instance=ExtResource( 3 )]
transform = Transform( -0.5, 0, -4.37114e-08, 0, 0.6, 0, 4.37114e-08, 0, -0.5, 1.29973, 0, 4.51165 )

[node name="s028" parent="slots" instance=ExtResource( 3 )]
transform = Transform( -0.25, 0, -0.433013, 0, 0.6, 0, 0.433013, 0, -0.25, 0.657874, 0, 5.66037 )

[node name="s029" parent="slots" instance=ExtResource( 3 )]
transform = Transform( 0.25, 0, -0.433013, 0, 0.6, 0, 0.433013, 0, 0.25, -0.657874, 0, 5.66037 )

[node name="s030" parent="slots" instance=ExtResource( 3 )]
transform = Transform( 0.5, 0, 8.74228e-08, 0, 0.6, 0, -8.74228e-08, 0, 0.5, -1.29973, 0, 4.51165 )

[node name="s031" parent="slots" instance=ExtResource( 3 )]
transform = Transform( 0.25, 0, 0.433013, 0, 0.6, 0, -0.433013, 0, 0.25, -2.61548, 0, 4.53014 )

[node name="s032" parent="slots" instance=ExtResource( 3 )]
transform = Transform( -0.25, 0, 0.433013, 0, 0.6, 0, -0.433013, 0, -0.25, -3.25734, 0, 3.38142 )

[node name="s033" parent="slots" instance=ExtResource( 3 )]
transform = Transform( -0.5, 0, -1.19249e-08, 0, 0.6, 0, 1.19249e-08, 0, -0.5, -4.57309, 0, 3.39992 )

[node name="s034" parent="slots" instance=ExtResource( 3 )]
transform = Transform( -0.25, 0, -0.433013, 0, 0.6, 0, 0.433013, 0, -0.25, -5.23096, 0, 2.26045 )

[node name="s035" parent="slots" instance=ExtResource( 3 )]
transform = Transform( 0.25, 0, -0.433013, 0, 0.6, 0, 0.433013, 0, 0.25, -4.55707, 0, 1.13022 )

[node name="s036" parent="slots" instance=ExtResource( 3 )]
transform = Transform( 0.5, 0, 1.74846e-07, 0, 0.6, 0, -1.74846e-07, 0, 0.5, -5.23096, 0, 0 )

[node name="s037" parent="slots" instance=ExtResource( 3 )]
transform = Transform( 0.25, 0, 0.433013, 0, 0.6, 0, -0.433013, 0, 0.25, -4.55707, 0, -1.13022 )

[node name="s038" parent="slots" instance=ExtResource( 3 )]
transform = Transform( -0.25, 0, 0.433013, 0, 0.6, 0, -0.433013, 0, -0.25, -5.23096, 0, -2.26045 )

[node name="s039" parent="slots" instance=ExtResource( 3 )]
transform = Transform( -0.5, 0, 1.39071e-07, 0, 0.6, 0, -1.39071e-07, 0, -0.5, -4.57309, 0, -3.39992 )

[node name="s040" parent="slots" instance=ExtResource( 3 )]
transform = Transform( -0.25, 0, -0.433013, 0, 0.6, 0, 0.433013, 0, -0.25, -3.25734, 0, -3.38142 )

[node name="s041" parent="slots" instance=ExtResource( 3 )]
transform = Transform( 0.25, 0, -0.433013, 0, 0.6, 0, 0.433013, 0, 0.25, -2.61548, 0, -4.53014 )

[node name="s042" parent="slots" instance=ExtResource( 3 )]
transform = Transform( 0.5, 0, 2.38498e-08, 0, 0.6, 0, -2.38498e-08, 0, 0.5, -1.29973, 0, -4.51165 )

[node name="s043" parent="slots" instance=ExtResource( 3 )]
transform = Transform( 0.25, 0, 0.433013, 0, 0.6, 0, -0.433013, 0, 0.25, -0.657874, 0, -5.66037 )

[node name="s044" parent="slots" instance=ExtResource( 3 )]
transform = Transform( -0.25, 0, 0.433013, 0, 0.6, 0, -0.433013, 0, -0.25, 0.657874, 0, -5.66037 )

[node name="s045" parent="slots" instance=ExtResource( 3 )]
transform = Transform( -0.5, 0, 2.90067e-07, 0, 0.6, 0, -2.90067e-07, 0, -0.5, 1.29973, 0, -4.51165 )

[node name="s046" parent="slots" instance=ExtResource( 3 )]
transform = Transform( -0.25, 0, -0.433013, 0, 0.6, 0, 0.433013, 0, -0.25, 2.61548, 0, -4.53014 )

[node name="s047" parent="slots" instance=ExtResource( 3 )]
transform = Transform( 0.25, 0, -0.433012, 0, 0.6, 0, 0.433012, 0, 0.25, 3.25734, 0, -3.38142 )

[node name="s048" parent="slots" instance=ExtResource( 3 )]
transform = Transform( 0.5, 0, 3.49691e-07, 0, 0.6, 0, -3.49691e-07, 0, 0.5, 4.57309, 0, -3.39992 )

[node name="s049" parent="slots" instance=ExtResource( 3 )]
transform = Transform( 0.25, 0, 0.433013, 0, 0.6, 0, -0.433013, 0, 0.25, 5.23096, 0, -2.26045 )

[node name="s050" parent="slots" instance=ExtResource( 3 )]
transform = Transform( -0.25, 0, 0.433013, 0, 0.6, 0, -0.433013, 0, -0.25, 4.55707, 0, -1.13022 )

[node name="s051" parent="slots" instance=ExtResource( 3 )]
transform = Transform( -0.5, 0, -3.57746e-08, 0, 0.6, 0, 3.57746e-08, 0, -0.5, 5.23096, 0, 0 )

[node name="s052" parent="slots" instance=ExtResource( 3 )]
transform = Transform( -0.25, 0, -0.433013, 0, 0.6, 0, 0.433013, 0, -0.25, 4.55707, 0, 1.13022 )

[node name="s053" parent="slots" instance=ExtResource( 3 )]
transform = Transform( 0.25, 0, -0.433013, 0, 0.6, 0, 0.433013, 0, 0.25, 5.23096, 0, 2.26045 )

[node name="s054" parent="slots" instance=ExtResource( 3 )]
transform = Transform( 0.5, 0, 0, 0, 0.6, 0, 0, 0, 0.5, 6.53069, 0, 4.53014 )

[node name="s055" parent="slots" instance=ExtResource( 3 )]
transform = Transform( 0.25, 0, 0.433013, 0, 0.6, 0, -0.433013, 0, 0.25, 5.21494, 0, 4.51165 )

[node name="s056" parent="slots" instance=ExtResource( 3 )]
transform = Transform( -0.25, 0, 0.433013, 0, 0.6, 0, -0.433013, 0, -0.25, 4.57309, 0, 5.66037 )

[node name="s057" parent="slots" instance=ExtResource( 3 )]
transform = Transform( -0.5, 0, -4.37114e-08, 0, 0.6, 0, 4.37114e-08, 0, -0.5, 3.25734, 0, 5.64187 )

[node name="s058" parent="slots" instance=ExtResource( 3 )]
transform = Transform( -0.25, 0, -0.433013, 0, 0.6, 0, 0.433013, 0, -0.25, 2.61548, 0, 6.79059 )

[node name="s059" parent="slots" instance=ExtResource( 3 )]
transform = Transform( 0.25, 0, -0.433013, 0, 0.6, 0, 0.433013, 0, 0.25, 1.29973, 0, 6.7721 )

[node name="s060" parent="slots" instance=ExtResource( 3 )]
transform = Transform( 0.5, 0, 8.74228e-08, 0, 0.6, 0, -8.74228e-08, 0, 0.5, 0.657874, 0, 7.92082 )

[node name="s061" parent="slots" instance=ExtResource( 3 )]
transform = Transform( 0.25, 0, 0.433013, 0, 0.6, 0, -0.433013, 0, 0.25, -0.657874, 0, 7.92082 )

[node name="s062" parent="slots" instance=ExtResource( 3 )]
transform = Transform( -0.25, 0, 0.433013, 0, 0.6, 0, -0.433013, 0, -0.25, -1.29973, 0, 6.7721 )

[node name="s063" parent="slots" instance=ExtResource( 3 )]
transform = Transform( -0.5, 0, -1.19249e-08, 0, 0.6, 0, 1.19249e-08, 0, -0.5, -2.61548, 0, 6.79059 )

[node name="s064" parent="slots" instance=ExtResource( 3 )]
transform = Transform( -0.25, 0, -0.433013, 0, 0.6, 0, 0.433013, 0, -0.25, -3.25734, 0, 5.64187 )

[node name="s065" parent="slots" instance=ExtResource( 3 )]
transform = Transform( 0.25, 0, -0.433013, 0, 0.6, 0, 0.433013, 0, 0.25, -4.57309, 0, 5.66037 )

[node name="s066" parent="slots" instance=ExtResource( 3 )]
transform = Transform( 0.5, 0, 1.74846e-07, 0, 0.6, 0, -1.74846e-07, 0, 0.5, -5.21494, 0, 4.51165 )

[node name="s067" parent="slots" instance=ExtResource( 3 )]
transform = Transform( 0.25, 0, 0.433013, 0, 0.6, 0, -0.433013, 0, 0.25, -6.53069, 0, 4.53014 )

[node name="s068" parent="slots" instance=ExtResource( 3 )]
transform = Transform( -0.25, 0, 0.433013, 0, 0.6, 0, -0.433013, 0, -0.25, -7.18857, 0, 3.39067 )

[node name="s069" parent="slots" instance=ExtResource( 3 )]
transform = Transform( -0.5, 0, 1.39071e-07, 0, 0.6, 0, -1.39071e-07, 0, -0.5, -6.51467, 0, 2.26045 )

[node name="s070" parent="slots" instance=ExtResource( 3 )]
transform = Transform( -0.25, 0, -0.433013, 0, 0.6, 0, 0.433013, 0, -0.25, -7.18857, 0, 1.13022 )

[node name="s071" parent="slots" instance=ExtResource( 3 )]
transform = Transform( 0.25, 0, -0.433013, 0, 0.6, 0, 0.433013, 0, 0.25, -6.51467, 0, 2.38419e-07 )

[node name="s072" parent="slots" instance=ExtResource( 3 )]
transform = Transform( 0.5, 0, 2.38498e-08, 0, 0.6, 0, -2.38498e-08, 0, 0.5, -7.18857, 0, -1.13022 )

[node name="s073" parent="slots" instance=ExtResource( 3 )]
transform = Transform( 0.25, 0, 0.433013, 0, 0.6, 0, -0.433013, 0, 0.25, -6.51467, 0, -2.26045 )

[node name="s074" parent="slots" instance=ExtResource( 3 )]
transform = Transform( -0.25, 0, 0.433013, 0, 0.6, 0, -0.433013, 0, -0.25, -7.18857, 0, -3.39067 )

[node name="s075" parent="slots" instance=ExtResource( 3 )]
transform = Transform( -0.5, 0, 2.90067e-07, 0, 0.6, 0, -2.90067e-07, 0, -0.5, -6.53069, 0, -4.53014 )

[node name="s076" parent="slots" instance=ExtResource( 3 )]
transform = Transform( -0.25, 0, -0.433013, 0, 0.6, 0, 0.433013, 0, -0.25, -5.21494, 0, -4.51165 )

[node name="s077" parent="slots" instance=ExtResource( 3 )]
transform = Transform( 0.25, 0, -0.433012, 0, 0.6, 0, 0.433012, 0, 0.25, -4.57309, 0, -5.66037 )

[node name="s078" parent="slots" instance=ExtResource( 3 )]
transform = Transform( 0.5, 0, 3.49691e-07, 0, 0.6, 0, -3.49691e-07, 0, 0.5, -3.25734, 0, -5.64187 )

[node name="s079" parent="slots" instance=ExtResource( 3 )]
transform = Transform( 0.25, 0, 0.433013, 0, 0.6, 0, -0.433013, 0, 0.25, -2.61548, 0, -6.79059 )

[node name="s080" parent="slots" instance=ExtResource( 3 )]
transform = Transform( -0.25, 0, 0.433013, 0, 0.6, 0, -0.433013, 0, -0.25, -1.29973, 0, -6.7721 )

[node name="s081" parent="slots" instance=ExtResource( 3 )]
transform = Transform( -0.5, 0, -3.57746e-08, 0, 0.6, 0, 3.57746e-08, 0, -0.5, -0.657874, 0, -7.92082 )

[node name="s082" parent="slots" instance=ExtResource( 3 )]
transform = Transform( -0.25, 0, -0.433013, 0, 0.6, 0, 0.433013, 0, -0.25, 0.657874, 0, -7.92082 )

[node name="s083" parent="slots" instance=ExtResource( 3 )]
transform = Transform( 0.25, 0, -0.433013, 0, 0.6, 0, 0.433013, 0, 0.25, 1.29973, 0, -6.7721 )

[node name="s084" parent="slots" instance=ExtResource( 3 )]
transform = Transform( 0.5, 0, -2.78142e-07, 0, 0.6, 0, 2.78142e-07, 0, 0.5, 2.61548, 0, -6.79059 )

[node name="s085" parent="slots" instance=ExtResource( 3 )]
transform = Transform( 0.25, 0, 0.433013, 0, 0.6, 0, -0.433013, 0, 0.25, 3.25734, 0, -5.64187 )

[node name="s086" parent="slots" instance=ExtResource( 3 )]
transform = Transform( -0.25, 0, 0.433012, 0, 0.6, 0, -0.433012, 0, -0.25, 4.57309, 0, -5.66037 )

[node name="s087" parent="slots" instance=ExtResource( 3 )]
transform = Transform( -0.5, 0, 5.92058e-07, 0, 0.6, 0, -5.92058e-07, 0, -0.5, 5.21494, 0, -4.51165 )

[node name="s088" parent="slots" instance=ExtResource( 3 )]
transform = Transform( -0.25, 0, -0.433013, 0, 0.6, 0, 0.433013, 0, -0.25, 6.53069, 0, -4.53014 )

[node name="s089" parent="slots" instance=ExtResource( 3 )]
transform = Transform( 0.249999, 0, -0.433013, 0, 0.6, 0, 0.433013, 0, 0.249999, 7.18857, 0, -3.39067 )

[node name="s090" parent="slots" instance=ExtResource( 3 )]
transform = Transform( 0.5, 0, 4.76995e-08, 0, 0.6, 0, -4.76995e-08, 0, 0.5, 6.51467, 0, -2.26045 )

[node name="s091" parent="slots" instance=ExtResource( 3 )]
transform = Transform( 0.249999, 0, 0.433013, 0, 0.6, 0, -0.433013, 0, 0.249999, 7.18857, 0, -1.13022 )

[node name="s092" parent="slots" instance=ExtResource( 3 )]
transform = Transform( -0.25, 0, 0.433013, 0, 0.6, 0, -0.433013, 0, -0.25, 6.51467, 0, -2.38419e-07 )

[node name="s093" parent="slots" instance=ExtResource( 3 )]
transform = Transform( -0.5, 0, -6.87457e-07, 0, 0.6, 0, 6.87457e-07, 0, -0.5, 7.18857, 0, 1.13022 )

[node name="s094" parent="slots" instance=ExtResource( 3 )]
transform = Transform( -0.25, 0, -0.433013, 0, 0.6, 0, 0.433013, 0, -0.25, 6.51467, 0, 2.26045 )

[node name="s095" parent="slots" instance=ExtResource( 3 )]
transform = Transform( 0.25, 0, -0.433012, 0, 0.6, 0, 0.433012, 0, 0.25, 7.18857, 0, 3.39067 )

[node name="s096" parent="slots" instance=ExtResource( 3 )]
transform = Transform( 0.5, 0, 0, 0, 0.6, 0, 0, 0, 0.5, 8.4883, 0, 5.66037 )

[node name="s097" parent="slots" instance=ExtResource( 3 )]
transform = Transform( 0.25, 0, 0.433013, 0, 0.6, 0, -0.433013, 0, 0.25, 7.17255, 0, 5.64187 )

[node name="s098" parent="slots" instance=ExtResource( 3 )]
transform = Transform( -0.25, 0, 0.433013, 0, 0.6, 0, -0.433013, 0, -0.25, 6.53069, 0, 6.79059 )

[node name="s099" parent="slots" instance=ExtResource( 3 )]
transform = Transform( -0.5, 0, -4.37114e-08, 0, 0.6, 0, 4.37114e-08, 0, -0.5, 5.21494, 0, 6.7721 )

[node name="s100" parent="slots" instance=ExtResource( 3 )]
transform = Transform( -0.25, 0, -0.433013, 0, 0.6, 0, 0.433013, 0, -0.25, 4.57309, 0, 7.92082 )

[node name="s101" parent="slots" instance=ExtResource( 3 )]
transform = Transform( 0.25, 0, -0.433013, 0, 0.6, 0, 0.433013, 0, 0.25, 3.25734, 0, 7.90232 )

[node name="s102" parent="slots" instance=ExtResource( 3 )]
transform = Transform( 0.5, 0, 8.74228e-08, 0, 0.6, 0, -8.74228e-08, 0, 0.5, 2.61548, 0, 9.05104 )

[node name="s103" parent="slots" instance=ExtResource( 3 )]
transform = Transform( 0.25, 0, 0.433013, 0, 0.6, 0, -0.433013, 0, 0.25, 1.29973, 0, 9.03254 )

[node name="s104" parent="slots" instance=ExtResource( 3 )]
transform = Transform( -0.25, 0, 0.433013, 0, 0.6, 0, -0.433013, 0, -0.25, 0.657874, 0, 10.1813 )

[node name="s105" parent="slots" instance=ExtResource( 3 )]
transform = Transform( -0.5, 0, -1.19249e-08, 0, 0.6, 0, 1.19249e-08, 0, -0.5, -0.657874, 0, 10.1813 )

[node name="s106" parent="slots" instance=ExtResource( 3 )]
transform = Transform( -0.25, 0, -0.433013, 0, 0.6, 0, 0.433013, 0, -0.25, -1.29973, 0, 9.03255 )

[node name="s107" parent="slots" instance=ExtResource( 3 )]
transform = Transform( 0.25, 0, -0.433013, 0, 0.6, 0, 0.433013, 0, 0.25, -2.61548, 0, 9.05104 )

[node name="s108" parent="slots" instance=ExtResource( 3 )]
transform = Transform( 0.5, 0, 1.74846e-07, 0, 0.6, 0, -1.74846e-07, 0, 0.5, -3.25734, 0, 7.90232 )

[node name="s109" parent="slots" instance=ExtResource( 3 )]
transform = Transform( 0.25, 0, 0.433013, 0, 0.6, 0, -0.433013, 0, 0.25, -4.57309, 0, 7.92082 )

[node name="s110" parent="slots" instance=ExtResource( 3 )]
transform = Transform( -0.25, 0, 0.433013, 0, 0.6, 0, -0.433013, 0, -0.25, -5.21494, 0, 6.7721 )

[node name="s111" parent="slots" instance=ExtResource( 3 )]
transform = Transform( -0.5, 0, 1.39071e-07, 0, 0.6, 0, -1.39071e-07, 0, -0.5, -6.53069, 0, 6.79059 )

[node name="s112" parent="slots" instance=ExtResource( 3 )]
transform = Transform( -0.25, 0, -0.433013, 0, 0.6, 0, 0.433013, 0, -0.25, -7.17255, 0, 5.64187 )

[node name="s113" parent="slots" instance=ExtResource( 3 )]
transform = Transform( 0.25, 0, -0.433013, 0, 0.6, 0, 0.433013, 0, 0.25, -8.4883, 0, 5.66037 )

[node name="s114" parent="slots" instance=ExtResource( 3 )]
transform = Transform( 0.5, 0, 2.38498e-08, 0, 0.6, 0, -2.38498e-08, 0, 0.5, -9.14617, 0, 4.5209 )

[node name="s115" parent="slots" instance=ExtResource( 3 )]
transform = Transform( 0.25, 0, 0.433013, 0, 0.6, 0, -0.433013, 0, 0.25, -8.47228, 0, 3.39067 )

[node name="s116" parent="slots" instance=ExtResource( 3 )]
transform = Transform( -0.25, 0, 0.433013, 0, 0.6, 0, -0.433013, 0, -0.25, -9.14617, 0, 2.26045 )

[node name="s117" parent="slots" instance=ExtResource( 3 )]
transform = Transform( -0.5, 0, 2.90067e-07, 0, 0.6, 0, -2.90067e-07, 0, -0.5, -8.47228, 0, 1.13022 )

[node name="s118" parent="slots" instance=ExtResource( 3 )]
transform = Transform( -0.25, 0, -0.433013, 0, 0.6, 0, 0.433013, 0, -0.25, -9.14617, 0, 0 )

[node name="s119" parent="slots" instance=ExtResource( 3 )]
transform = Transform( 0.25, 0, -0.433012, 0, 0.6, 0, 0.433012, 0, 0.25, -8.47228, 0, -1.13022 )

[node name="s120" parent="slots" instance=ExtResource( 3 )]
transform = Transform( 0.5, 0, 3.49691e-07, 0, 0.6, 0, -3.49691e-07, 0, 0.5, -9.14617, 0, -2.26045 )

[node name="s121" parent="slots" instance=ExtResource( 3 )]
transform = Transform( 0.25, 0, 0.433013, 0, 0.6, 0, -0.433013, 0, 0.25, -8.47228, 0, -3.39067 )

[node name="s122" parent="slots" instance=ExtResource( 3 )]
transform = Transform( -0.25, 0, 0.433013, 0, 0.6, 0, -0.433013, 0, -0.25, -9.14617, 0, -4.5209 )

[node name="s123" parent="slots" instance=ExtResource( 3 )]
transform = Transform( -0.5, 0, -3.57746e-08, 0, 0.6, 0, 3.57746e-08, 0, -0.5, -8.4883, 0, -5.66037 )

[node name="s124" parent="slots" instance=ExtResource( 3 )]
transform = Transform( -0.25, 0, -0.433013, 0, 0.6, 0, 0.433013, 0, -0.25, -7.17255, 0, -5.64187 )

[node name="s125" parent="slots" instance=ExtResource( 3 )]
transform = Transform( 0.25, 0, -0.433013, 0, 0.6, 0, 0.433013, 0, 0.25, -6.53069, 0, -6.79059 )

[node name="s126" parent="slots" instance=ExtResource( 3 )]
transform = Transform( 0.5, 0, -2.78142e-07, 0, 0.6, 0, 2.78142e-07, 0, 0.5, -5.21494, 0, -6.7721 )

[node name="s127" parent="slots" instance=ExtResource( 3 )]
transform = Transform( 0.25, 0, 0.433013, 0, 0.6, 0, -0.433013, 0, 0.25, -4.57309, 0, -7.92082 )

[node name="s128" parent="slots" instance=ExtResource( 3 )]
transform = Transform( -0.25, 0, 0.433012, 0, 0.6, 0, -0.433012, 0, -0.25, -3.25734, 0, -7.90232 )

[node name="s129" parent="slots" instance=ExtResource( 3 )]
transform = Transform( -0.5, 0, 5.92058e-07, 0, 0.6, 0, -5.92058e-07, 0, -0.5, -2.61548, 0, -9.05104 )

[node name="s130" parent="slots" instance=ExtResource( 3 )]
transform = Transform( -0.25, 0, -0.433013, 0, 0.6, 0, 0.433013, 0, -0.25, -1.29973, 0, -9.03254 )

[node name="s131" parent="slots" instance=ExtResource( 3 )]
transform = Transform( 0.249999, 0, -0.433013, 0, 0.6, 0, 0.433013, 0, 0.249999, -0.657874, 0, -10.1813 )

[node name="s132" parent="slots" instance=ExtResource( 3 )]
transform = Transform( 0.5, 0, 4.76995e-08, 0, 0.6, 0, -4.76995e-08, 0, 0.5, 0.657874, 0, -10.1813 )

[node name="s133" parent="slots" instance=ExtResource( 3 )]
transform = Transform( 0.249999, 0, 0.433013, 0, 0.6, 0, -0.433013, 0, 0.249999, 1.29973, 0, -9.03255 )

[node name="s134" parent="slots" instance=ExtResource( 3 )]
transform = Transform( -0.25, 0, 0.433013, 0, 0.6, 0, -0.433013, 0, -0.25, 2.61548, 0, -9.05104 )

[node name="s135" parent="slots" instance=ExtResource( 3 )]
transform = Transform( -0.5, 0, -6.87457e-07, 0, 0.6, 0, 6.87457e-07, 0, -0.5, 3.25734, 0, -7.90232 )

[node name="s136" parent="slots" instance=ExtResource( 3 )]
transform = Transform( -0.25, 0, -0.433013, 0, 0.6, 0, 0.433013, 0, -0.25, 4.57309, 0, -7.92082 )

[node name="s137" parent="slots" instance=ExtResource( 3 )]
transform = Transform( 0.25, 0, -0.433012, 0, 0.6, 0, 0.433012, 0, 0.25, 5.21494, 0, -6.7721 )

[node name="s138" parent="slots" instance=ExtResource( 3 )]
transform = Transform( 0.5, 0, -5.80133e-07, 0, 0.6, 0, 5.80133e-07, 0, 0.5, 6.53069, 0, -6.79059 )

[node name="s139" parent="slots" instance=ExtResource( 3 )]
transform = Transform( 0.25, 0, 0.433013, 0, 0.6, 0, -0.433013, 0, 0.25, 7.17255, 0, -5.64187 )

[node name="s140" parent="slots" instance=ExtResource( 3 )]
transform = Transform( -0.249999, 0, 0.433013, 0, 0.6, 0, -0.433013, 0, -0.249999, 8.4883, 0, -5.66037 )

[node name="s141" parent="slots" instance=ExtResource( 3 )]
transform = Transform( -0.5, 0, -5.96244e-08, 0, 0.6, 0, 5.96244e-08, 0, -0.5, 9.14617, 0, -4.5209 )

[node name="s142" parent="slots" instance=ExtResource( 3 )]
transform = Transform( -0.249999, 0, -0.433013, 0, 0.6, 0, 0.433013, 0, -0.249999, 8.47228, 0, -3.39067 )

[node name="s143" parent="slots" instance=ExtResource( 3 )]
transform = Transform( 0.25, 0, -0.433013, 0, 0.6, 0, 0.433013, 0, 0.25, 9.14617, 0, -2.26045 )

[node name="s144" parent="slots" instance=ExtResource( 3 )]
transform = Transform( 0.5, 0, 6.99382e-07, 0, 0.6, 0, -6.99382e-07, 0, 0.5, 8.47228, 0, -1.13022 )

[node name="s145" parent="slots" instance=ExtResource( 3 )]
transform = Transform( 0.25, 0, 0.433013, 0, 0.6, 0, -0.433013, 0, 0.25, 9.14617, 0, 0 )

[node name="s146" parent="slots" instance=ExtResource( 3 )]
transform = Transform( -0.25, 0, 0.433012, 0, 0.6, 0, -0.433012, 0, -0.25, 8.47228, 0, 1.13022 )

[node name="s147" parent="slots" instance=ExtResource( 3 )]
transform = Transform( -0.5, 0, 5.68209e-07, 0, 0.6, 0, -5.68209e-07, 0, -0.5, 9.14617, 0, 2.26045 )

[node name="s148" parent="slots" instance=ExtResource( 3 )]
transform = Transform( -0.25, 0, -0.433013, 0, 0.6, 0, 0.433013, 0, -0.25, 8.47228, 0, 3.39067 )

[node name="s149" parent="slots" instance=ExtResource( 3 )]
transform = Transform( 0.249999, 0, -0.433013, 0, 0.6, 0, 0.433013, 0, 0.249999, 9.14617, 0, 4.5209 )
